<?xml version="1.0" encoding="UTF-8"?><record xmlns="http://www.loc.gov/MARC21/slim" xmlns:cinclude="http://apache.org/cocoon/include/1.0" xmlns:zs="http://www.loc.gov/zing/srw/">
  <leader>00715cz  a2200157n  4500</leader>
  <controlfield tag="001">n 2008018556</controlfield>
  <controlfield tag="003">DLC</controlfield>
  <controlfield tag="005">20130814073840.0</controlfield>
  <controlfield tag="008">080313n| azannaabn          |n aaa      </controlfield>
  <datafield tag="010" ind1=" " ind2=" ">
    <subfield code="a">n 2008018556</subfield>
  </datafield>
  <datafield tag="035" ind1=" " ind2=" ">
    <subfield code="a">(OCoLC)oca07698762</subfield>
  </datafield>
  <datafield tag="040" ind1=" " ind2=" ">
    <subfield code="a">DLC</subfield>
    <subfield code="b">eng</subfield>
    <subfield code="c">DLC</subfield>
    <subfield code="e">rda</subfield>
    <subfield code="d">DNLM</subfield>
  </datafield>
  <datafield tag="100" ind1="1" ind2=" ">
    <subfield code="a">Farinella, Domenica</subfield>
  </datafield>
  <datafield tag="372" ind1=" " ind2=" ">
    <subfield code="a">Sociology</subfield>
    <subfield code="2">mesh</subfield>
  </datafield>
  <datafield tag="374" ind1=" " ind2=" ">
    <subfield code="a">Sociologist</subfield>
  </datafield>
  <datafield tag="670" ind1=" " ind2=" ">
    <subfield code="a">Farinella, Domenica. Privatizzazione e cambiamento nel servizio pubblico, c2005:</subfield>
    <subfield code="b">t.p. (Domenica Farinella) cover p. 4 (has a Ph.D. in sociology of the processes of innovation; has a post-doctoral study grant in the Dipartimento di sociologia, UniversitaĚ degli studi di Napoli "Federico II", where she collaborates in teaching economic sociology)</subfield>
  </datafield>
</record>